<?xml version="1.0"?>
<marc:collection xmlns:marc="http://www.loc.gov/MARC21/slim" xmlns:xsi="http://www.w3.org/2001/XMLSchema-instance" xsi:schemaLocation="http://www.loc.gov/MARC21/slim http://www.loc.gov/standards/marcxml/schema/MARC21slim.xsd">
   <marc:record type="Bibliographic">
      <marc:leader>01502cam a2200397 a 4500</marc:leader>
      <marc:controlfield tag="001">901166</marc:controlfield>
      <marc:controlfield tag="003">NjP</marc:controlfield>
      <marc:controlfield tag="005">20130613135435.0</marc:controlfield>
      <marc:controlfield tag="008">940718m19909999ir       b    000 0 ara d</marc:controlfield>
      <marc:datafield tag="024" ind1="7" ind2=" ">
         <marc:subfield code="a">princeton_aco000103</marc:subfield>
         <marc:subfield code="2">local</marc:subfield>
      </marc:datafield>
      <marc:datafield tag="035" ind1=" " ind2=" ">
         <marc:subfield code="a">(OCoLC)30849982</marc:subfield>
      </marc:datafield>
      <marc:datafield tag="035" ind1=" " ind2=" ">
         <marc:subfield code="a">(OCoLC)ocn176521861</marc:subfield>
      </marc:datafield>
      <marc:datafield tag="035" ind1=" " ind2=" ">
         <marc:subfield code="a">(OCoLC)176521861</marc:subfield>
      </marc:datafield>
      <marc:datafield tag="035" ind1=" " ind2=" ">
         <marc:subfield code="a">(CStRLIN)NJPG94-B41418</marc:subfield>
      </marc:datafield>
      <marc:datafield tag="035" ind1=" " ind2=" ">
         <marc:subfield code="9">CBG2136TS</marc:subfield>
      </marc:datafield>
      <marc:datafield tag="035" ind1=" " ind2=" ">
         <marc:subfield code="a">(NjP)901166</marc:subfield>
      </marc:datafield>
      <marc:datafield tag="040" ind1=" " ind2=" ">
         <marc:subfield code="a">NjP</marc:subfield>
         <marc:subfield code="c">PUL</marc:subfield>
         <marc:subfield code="d">PUL</marc:subfield>
      </marc:datafield>
      <marc:datafield tag="049" ind1=" " ind2=" ">
         <marc:subfield code="a">PULL</marc:subfield>
      </marc:datafield>
      <marc:datafield tag="079" ind1=" " ind2=" ">
         <marc:subfield code="a">ocm30849982</marc:subfield>
      </marc:datafield>
      <marc:datafield tag="100" ind1="1" ind2=" ">
         <marc:subfield code="6">880-01</marc:subfield>
         <marc:subfield code="a">S&#x323;afi&#x304;, Mah&#x323;mu&#x304;d.</marc:subfield>
      </marc:datafield>
      <marc:datafield tag="245" ind1="1" ind2="3">
         <marc:subfield code="6">880-02</marc:subfield>
         <marc:subfield code="a">al-Jadwal fi&#x304; i&#x2BB;ra&#x304;b al-Qur&#x2BC;a&#x304;n wa-s&#x323;arfihi wa-baya&#x304;nih :</marc:subfield>
         <marc:subfield code="b">ma&#x2BB;a fawa&#x304;&#x2BC;id nah&#x323;wi&#x304;yah ha&#x304;mmah /</marc:subfield>
         <marc:subfield code="c">Mah&#x323;mu&#x304;d S&#x323;afi&#x304;.</marc:subfield>
      </marc:datafield>
      <marc:datafield tag="250" ind1=" " ind2=" ">
         <marc:subfield code="6">880-03</marc:subfield>
         <marc:subfield code="a">al-T&#x323;ab&#x2BB;ah 1.</marc:subfield>
      </marc:datafield>
      <marc:datafield tag="260" ind1=" " ind2=" ">
         <marc:subfield code="6">880-04</marc:subfield>
         <marc:subfield code="a">[Qum] :</marc:subfield>
         <marc:subfield code="b">Intishara&#x304;t Madi&#x304;n,</marc:subfield>
         <marc:subfield code="c">1990-</marc:subfield>
      </marc:datafield>
      <marc:datafield tag="300" ind1=" " ind2=" ">
         <marc:subfield code="a">v. ;</marc:subfield>
         <marc:subfield code="c">25 cm.</marc:subfield>
      </marc:datafield>
      <marc:datafield tag="500" ind1=" " ind2=" ">
         <marc:subfield code="a">Spine on vol. 10 has: al-juz&#x2BC; 21-22 [i.e. 19-20].</marc:subfield>
      </marc:datafield>
      <marc:datafield tag="500" ind1=" " ind2=" ">
         <marc:subfield code="a">Spine on vol. 11 has: al-juz&#x2BC; 19-20 [i.e. 21-22].</marc:subfield>
      </marc:datafield>
      <marc:datafield tag="504" ind1=" " ind2=" ">
         <marc:subfield code="a">Includes bibliographical references.</marc:subfield>
      </marc:datafield>
      <marc:datafield tag="630" ind1="0" ind2="0">
         <marc:subfield code="a">Qur&#x2BC;an</marc:subfield>
         <marc:subfield code="x">Language, style.</marc:subfield>
      </marc:datafield>
      <marc:datafield tag="650" ind1=" " ind2="0">
         <marc:subfield code="a">Arabic language</marc:subfield>
         <marc:subfield code="x">Inflection.</marc:subfield>
      </marc:datafield>
      <marc:datafield tag="880" ind1="1" ind2=" ">
         <marc:subfield code="6">100-01/r</marc:subfield>
         <marc:subfield code="a">&#x635;&#x641;&#x64A;&#x60C; &#x645;&#x62D;&#x645;&#x648;&#x62F;.</marc:subfield>
      </marc:datafield>
      <marc:datafield tag="880" ind1="1" ind2="2">
         <marc:subfield code="6">245-02/r</marc:subfield>
         <marc:subfield code="a">&#x627;&#x644;&#x62C;&#x62F;&#x648;&#x644; &#x641;&#x64A; &#x627;&#x639;&#x631;&#x627;&#x628; &#x627;&#x644;&#x642;&#x631;&#x622;&#x646; &#x648;&#x635;&#x631;&#x641;&#x647; &#x648;&#x628;&#x64A;&#x627;&#x646;&#x647; :</marc:subfield>
         <marc:subfield code="b">&#x645;&#x639; &#x641;&#x648;&#x627;&#x626;&#x62F; &#x646;&#x62D;&#x648;&#x64A;&#x629; &#x647;&#x627;&#x645;&#x629; /</marc:subfield>
         <marc:subfield code="c">&#x645;&#x62D;&#x645;&#x648;&#x62F; &#x635;&#x641;&#x64A;.</marc:subfield>
      </marc:datafield>
      <marc:datafield tag="880" ind1=" " ind2=" ">
         <marc:subfield code="6">250-03/r</marc:subfield>
         <marc:subfield code="a">&#x627;&#x644;&#x637;&#x628;&#x639;&#x629; 1.</marc:subfield>
      </marc:datafield>
      <marc:datafield tag="880" ind1=" " ind2=" ">
         <marc:subfield code="6">260-04/r</marc:subfield>
         <marc:subfield code="a">[&#x642;&#x645;] :</marc:subfield>
         <marc:subfield code="b">&#x627;&#x646;&#x62A;&#x634;&#x631;&#x627;&#x62A; &#x645;&#x62F;&#x64A;&#x646;&#x60C;</marc:subfield>
         <marc:subfield code="c">1990-</marc:subfield>
      </marc:datafield>
      <marc:datafield tag="998" ind1=" " ind2=" ">
         <marc:subfield code="a">03/09/95</marc:subfield>
         <marc:subfield code="s">9114</marc:subfield>
         <marc:subfield code="n">NjP</marc:subfield>
         <marc:subfield code="w">NJPG94B41418</marc:subfield>
         <marc:subfield code="d">07/18/94</marc:subfield>
         <marc:subfield code="c">KC</marc:subfield>
         <marc:subfield code="b">KC</marc:subfield>
         <marc:subfield code="i">950309</marc:subfield>
         <marc:subfield code="l">NJPG</marc:subfield>
      </marc:datafield>
      <marc:datafield tag="911" ind1=" " ind2=" ">
         <marc:subfield code="a">19950316</marc:subfield>
      </marc:datafield>
      <marc:datafield tag="912" ind1=" " ind2=" ">
         <marc:subfield code="a">19950309000000.0</marc:subfield>
      </marc:datafield>
      <marc:datafield tag="994" ind1=" " ind2=" ">
         <marc:subfield code="a">C0</marc:subfield>
         <marc:subfield code="b">PUL</marc:subfield>
      </marc:datafield>
      <marc:datafield tag="999" ind1=" " ind2=" ">
         <marc:subfield code="a">901166</marc:subfield>
      </marc:datafield>
   </marc:record>
</marc:collection>
